% Encoding: UTF-8

@Book{KantKdU1974,
  Title                    = {Kritik der Urteilskraft},
  Address                  = {Frankfurt a.M.},
  Author                   = {Immanuel Kant},
  Shorttitle               = {KdU},
  Year                     = {1974},
  Booktitleaddon           = {hrsg.v. Wilhelm Weischedel},
  ISBN                     = {3-518-27657-3},
  Number                   = {57},
  Publisher                = {Suhrkamp},
  Series                   = {suhrkamp taschenbuch wissenschaft},
  Titleaddon               = {Immanuel Kant Werkausgabe Bd. IX; hrsg. v. Wilhelm Weischedel},

  Annote                   = {Schön ist das, was interesseloses Wohlgefallen auslöst, erhaben das, was dabei auch erschreckt.},
  Language                 = {german},
  Note                     = {Print},
  Owner                    = {karsten},
  Timestamp                = {2010.05.11}
}

@Book{KantKdV1974,
  Title                    = {Kritik der reinen Vernunft},
  Address                  = {Frankfurt a.M.},
  Author                   = {Immanuel Kant},
  Shorttitle               = {KdrV},
  Year                     = {1974},
  Booktitleaddon           = {hrsg.v. Wilhelm Weischedel},
  ISBN                     = {3-518-27655-7},
  Number                   = {55},
  Publisher                = {Suhrkamp},
  Series                   = {suhrkamp taschenbuch wissenschaft},
  Titleaddon               = {Immanuel Kant Werkausgabe Bd. III + IV; hrsg. v. Wilhelm Weischedel},

  Annote                   = {Der Mensch tut immer etwas zum Wahrgenommen hinzu. Das Ding an sich - das ohne das Hinzugetane - ist unerreichbar für ihn.},
  Language                 = {german},
  Note                     = {Print},
  Owner                    = {karsten},
  Timestamp                = {2010.05.11}
}

@Misc{UbFaM2018a,
  author     = {Goethe-Universität},
  title      = {[Portal der] Universitätsbibliothek Frankfurt a.M.},
  year       = {2018},
  url        = {http://www.ub.uni-frankfurt.de/},
  owner      = {reincke},
  shorttitle = {Homepage UB FaM},
  timestamp  = {2011.06.21},
}

@Comment{jabref-meta: databaseType:biblatex;}
% Encoding: UTF-8

@Book{GarSpr2018a,
  author     = {Matthew Gardner and Sara Springfeld},
  title      = {Musikwissenschaftliches Arbeiten. Eine Ein\-füh\-rung},
  address    = {Kassel},
  year       = {2018},
  shorttitle = {Musikwissenschaftliches Arbeiten, 2018},
  edition    = {2.},
  publisher  = {Bärenreiter-Verlag},
  isbn       = {978-3-7618-2249-4},
  series     = {Bärenreiter Studien\-bücher Musik},
  annote     = {Die aktuellste Einführung in die Musikwissenschaft},
  language   = {german},
  note       = {Print},
}

@Book{Kraemer2012a,
  author     = {Thomas Krämer},
  title      = {Lehrbuch der harmonischen Analyse.},
  year       = {2012},
  shorttitle = {Lehrbuch der harmonischen Analyse, 2012},
  titleaddon = {2., verbesserte Aufl.},
  publisher  = {Breitkopf \& Härtel},
  isbn       = {978-3-7651-0305-6},
  language   = {german},
  note       = {Print},
  address    = {Wiesbaden, Leipzip u. Paris},
  annote     = {Ein neueres Lehrbuch, das die Zusammenhänge der Tonalität zugänglich macht.},
  owner      = {reincke},
  timestamp  = {2018.12.07},
}

@Book{Grabner1974a,
  author     = {Hermann Grabner},
  title      = {Allgemeine Musiklehre},
  year       = {1974},
  shorttitle = {Allgemeine Musiklehre, 1974},
  titleaddon = {mit einem Nachtrag v. Diether de la Motte},
  edition    = {11},
  publisher  = {Bärenreiter Verlag},
  isbn       = {3-7618-0061-4},
  language   = {german},
  note       = {Print},
  address    = {Kassel, Basel [... u.a.O.]},
  annote     = {Das Standardwerk der Musikanalyse, das nicht erst heute mit hoher Auflagennummer erscheint, sondern auch schon vor 50 Jahren so erschienen ist - also im wahrsten Sinne des Wortes: ein Jahrhundertwerk.},
  owner      = {reincke},
  timestamp  = {2018.12.07},
}

@Book{Delamotte2011a,
  author     = {Diether de la Motte},
  title      = {Harmonielehre},
  year       = {2011},
  shorttitle = {Harmonielehre, 2011},
  edition    = {16},
  publisher  = {Bärenreiter Verlag \& DTV},
  isbn       = {978-3-7618-2115-2},
  language   = {german},
  note       = {Print},
  address    = {München, Kassel [... u.a.O.]},
  annote     = {Nach Grabner das nächste, kommende Jahrhundertwerk zur Harmonieanalyse, das mit seiner Verlagerung des Schwerpunktes in die Funktionstheorie einen wesentlichen Fortschritt gegenüber älteren Lehrwerken bedeutete.},
  owner      = {reincke},
  timestamp  = {2018.12.07},
}

@Misc{WegWeg2007a,
  author     = {Dagny Wegner and Arnim Wegner},
  title      = {harmony.sty},
  url        = {ftp://ftp.dante.de/pub/tex/macros/latex/contrib/harmony/harmony.pdf},
  urldate    = {2018-12-21},
  shorttitle = {harmony, 2007},
  year       = {2007},
  annote     = {Das Handbuch nur Nutzung des freien Paketes 'harmony', mit dem dem \LaTeX-Autoren die Zeichen für eine adäquaten Harmonieanalyse bereitgestellt werden.},
  language   = {english},
  note       = {FreeWeb / PDF},
  owner      = {reincke},
}

@Misc{Thoma2018a,
  author     = {Martin Thoma},
  title      = {How to write music with LaTeX},
  year       = {2012},
  shorttitle = {How to write music with LaTeX, 2012},
  url        = {https://martin-thoma.com/how-to-write-music-with-latex/},
  urldate    = {2018-12-19},
  language   = {english},
  note       = {FreeWeb / PDF},
  annote     = {Ein kleiner Artikel, der verschiedene Möglichkeiten erläutert, Noten in \LaTeX-Dokumente zu integrieren.},
}

@Misc{Reincke2018a,
  author     = {Karsten Reincke},
  title      = {mycsrf},
  year       = {2018},
  shorttitle = {mycsrf, 2018},
  titleaddon = {mind your Classical Scholar Research Framework},
  url        = {https://fodina.de/mycsrf/},
  urldate    = {2018-12-21},
  language   = {english},
  version    = {2.0},
  note       = {FreeWeb / HTML},
  annote     = {Ein freies Framework zur Erstellung \LaTeX\ basierter geisteswissenschaftlicher Texte, das den altphilologischen Arbeitsstil möglichst kompromisslos in die Computerwelt überträgt.},
}

@Misc{Reincke2018b,
  author     = {Karsten Reincke},
  title      = {Dienst am Leser, Dienst am Scholaren. Über Anmerkungsapparate in Fußnoten - aber richtig: Release 2.0},
  year       = {2018},
  shorttitle = {Dienst am Leser, Dienst am Scholaren, 2018},
  annote     = {Eine selbstreferentielles Dokument, das erläutert, warum und wie man gute geisteswissenschaftliche Arbeiten mit \LaTeX\ und mycsrf erzeugt.},
  language   = {german},
  note       = {FreeWeb / PDF},
  titleaddon = {(Geistes-) Wissenschaftliche Texte mit jurabib},
  url        = {http://kreincke.github.io/mycsrf/examples/scholar-fono-de.pdf},
  urldate    = {2018-12-21},
  version    = {2.0},
}

@Book{MitGoo2005a,
  author     = {Frank Mittelbach and Michel Goossens},
  title      = {Der \LaTeX-Begleiter},
  year       = {2005},
  shorttitle = {Der \LaTeX-Begleiter, 2005},
  titleaddon = {unter Mitarbeit v. J. Braams, D. Carlisle u. C. Rowley; mit Beitr. v. Christine Detig u. Joachim Schrod; 2., überarb. u. erw. Aufl.},
  isbn       = {3-8273-7166-X},
  language   = {german},
  note       = {Print},
  address    = {München, Boston [... u.a.O.]},
  annote     = {Ein Standardnachschlagewerk, das auch viele 'abseitige' \LaTeX-Themen ausführlich und fundiert erläutert.},
}

@Misc{Kielhorn2003a,
  author     = {Axel Kielhorn},
  title      = {The wasysym macro package for {\LaTeX}2e},
  url        = {http://texdoc.net/texmf-dist/doc/latex/wasysym/wasysym.pdf},
  urldate    = {2018-12-22},
  shorttitle = {The wasysym macro package, 2003},
  year       = {2003},
  annote     = {Übersicht über den Zeichenbestand des \LaTeX-Paketes wasysym.},
  language   = {english},
  note       = {FreeWeb / PDF},
}

@Misc{Reincke2019a,
  author     = {Karsten Reincke},
  title      = {musicology.ltx: Musikwissenschaft mit LaTeX},
  year       = {2019},
  note       = {FreeWeb / TXT},
  annote     = {Alle Quelldateien zur mysrf-basierten Erzeugung der Tooluntersuchung 'Musikwissenschaft mit \LaTeX'.},
  language   = {english},
  shorttitle = {musicology.de, 2019},
  url        = {https://github.com/kreincke/musicology.ltx},
  urldate    = {2019-01-02},
}

@Misc{LilyPond2018b,
  author     = {{LilyPond Development Team}},
  title      = {LilyPond. Learning Manual},
  year       = {o.J. [2012]},
  shorttitle = {LilyPond Learning Manual, 2012},
  url        = {http://lilypond.org/doc/v2.18/Documentation/learning.de.pdf},
  urldate    = {2019-01-05},
  language   = {german},
  note       = {FreeWeb / PDF},
  annote     = {Das LilyPond Tutorial, das einen gelungenen Einstieg gewährleistet. Es ist auch als html-Seite erreichbar (http://lilypond.org/doc/v2.18/Documentation/learning-big-page.de.html).},
}

@Misc{LilyPond2018c,
  author     = {{LilyPond Development Team}},
  title      = {LilyPond. Notationsreferenz},
  year       = {o.J. [2012]},
  shorttitle = {LilyPond Notationsreferenz, 2012},
  annote     = {Die LilyPond Notationsreferenz: sehr, sehr lang (800+x Seiten), also nicht ausdruckbar, aber sehr, sehr wichtig für die Details. Deshalb gibt es diese Referenz auch als HTML Version (http://lilypond.org/doc/v2.18/Documentation/notation/).},
  language   = {german},
  note       = {FreeWeb / PDF},
  url        = {http://lilypond.org/doc/v2.18/Documentation/notation.de.pdf},
  urldate    = {2019-01-05},
}

@Misc{LilyPond2018a,
  author     = {{LilyPond Development Team}},
  title      = {LilyPond. Notensatz für Jedermann},
  year       = {o.J. [2018]},
  shorttitle = {LilyPond Homepage, 2018},
  annote     = {Die Homepage von LilyPond, einer freien Alternative zu Musix\TeX, die also auch zur Erstellung und zum Druck von typographisch exzellent aufbereiteten Partituren dient.},
  language   = {german},
  note       = {FreeWeb / PDF},
  url        = {http://lilypond.org/index.de.html},
  urldate    = {2019-01-05},
}

@Misc{LilyPond2018e,
  author     = {{LilyPond Development Team}},
  title      = {LilyPond. Usage},
  url        = {http://lilypond.org/doc/v2.18/Documentation/usage.de.pdf},
  urldate    = {2019-01-09},
  shorttitle = {LilyPond Nutzungsreferenz, 2018},
  year       = {o.J. [2018]},
  annote     = {Die LilyPond Nutzungreferenz 'Usage': die kürzere Anleitung zur Nutzung von LilyPond.},
  language   = {german},
  note       = {FreeWeb / PDF},
}

@Misc{Enzenhofer2016a,
  author     = {Michael Enzenhofer},
  title      = {\LaTeX\ für Musiker},
  year       = {2016},
  shorttitle = {\LaTeX\ für Musiker, 2016},
  annote     = {Eine eher grundsätzliche Einführung in Sachen Musik und \LaTeX: Sie bietet einen ersten Überblick über die \LaTeX- und LilyPond-Codierung.},
  language   = {english},
  note       = {FreeWeb / PDF},
  url        = {http://www.michael-enzenhofer.at/LaTeXfuerMusiker/Latex4Musiker_1.pdf},
  urldate    = {2019-01-11},
}


@Book{Voss2018a,
  author     = {Herbert Voß},
  title      = {Die wissenschaftliche Arbeit mit \LaTeX},
  address    = {Berlin},
  year       = {2018},
  shorttitle = {Einführung in \LaTeX},
  titleaddon = {unter Verwendung von Lua\TeX, KOMA-Script und Biber/Bib\LaTeX},
  publisher  = {Lehmanns Media},
  isbn       = {978-3-86541-946-0},
  series     = {dante},
  annote     = {Eine sehr praktische Einführung in \LaTeX, die sich auf die Erstellung wissenschaftlicher Texte konzentriert. Einziger kleiner Wermutstropfen ist die eher mathematisch orientiert Vorgabe, wie wissenschaftliche Texte auszusehen hätten. Die Geisteswissenschaft ist -- wie so oft -- irgendwie nur 'mitgemeint'.},
  language   = {german},
  note       = {Print},
}

@Article{Brendel2005a,
  author     = {Jens-Christoph Brendel},
  title      = {Notensatz unter Linux – eine Übersicht},
  journal    = {Linux-Magazin},
  year       = {2005},
  pages      = {ubdwp.},
  shorttitle = {Linux-Magazin, 2005},
  volume     = {9},
  annote     = {Eine ältere 'Sichtung': bespricht MUP, ABC PLUS, LilyPond, Noteedit, Rosegarden und KGuitar.},
  language   = {german},
  note       = {FreeWeb / HTML},
  url        = {http://www.linux-magazin.de/ausgaben/2005/09/digitale-notenstecher/},
  urldate    = {2019-01-22},
}

@Article{Phillips2009b,
  author     = {Dave Phillips},
  title      = {Music Notation Software for Linux: a Progress Report, Part 2},
  journal    = {Linux Journal},
  year       = {2009},
  pages      = {ubdpw.},
  shorttitle = {Music Notation Software for Linux II, 2009},
  annote     = {Eine ältere Sichtung von Notensatzprogrammen. Bespricht im ersten Teile die 'LilyPond-Connection', nämlich Denemo, Frescobaldi und Canorus},
  language   = {english},
  note       = {FreeWeb / HTML},
  url        = {https://www.linuxjournal.com/content/music-notation-software-linux-progress-report-part-1},
  urldate    = {2019-01-27},
}

@Article{Phillips2009a,
  author     = {Dave Phillips},
  title      = {Music Notation Software for Linux: a Progress Report, Part 1},
  journal    = {Linux Journal},
  year       = {2009},
  pages      = {ubdpw.},
  shorttitle = {Music Notation Software for Linux I, 2009},
  annote     = {Eine ältere Sichtung von Notensatzprogrammen. Bespricht im zweiten Teil MuseScore, NtEd, NoteFlight und Outro},
  language   = {english},
  note       = {FreeWeb / HTML},
  url        = {https://www.linuxjournal.com/content/music-notation-software-linux-progress-report-part-2},
  urldate    = {2019-01-27},
}

@Misc{ReinckeBlum2019a,
  author     = {Karsten Reincke; Hans Blum},
  title      = {harmonyli,ly},
  year       = {2019},
  note       = {FreeWeb / HTML},
  annote     = {Die freie LilyPond BIbliothek 'harmonyli.ly' für Musikwissenschaftler samt Beispielen und umfangreichem Tutorial},
  language   = {english},
  shorttitle = {Harmonyli.ly, 2019},
  url        = {https://github.com/kreincke/harmonyli.ly},
  urldate    = {2019-11-22},
}

@Misc{Reincke2019b,
  author     = {Karsten Reincke},
  title      = {harmonyli.ly . Harmonical Analysis Symbols in LilyPond Scores. Tutorial},
  year       = {2019},
  note       = {FreeWeb / PDF},
  annote     = {Umfangreiche Einführung in die Nutzung der LilyPond BIbliothek 'harmonyli.ly' für Musikwissenschaftler},
  language   = {english},
  shorttitle = {Harmonyli.ly Tutorial, 2019},
  url        = {https://github.com/kreincke/harmonyli.ly/doc/tutorial.pdf},
  urldate    = {2019-11-22},
}

@Misc{Reincke2019c,
  author     = {Karsten Reincke},
  title      = {Musikwissenschaft mit LaTeX. Wie man Musikbeispiele mit Open-Source-Tools in seine wissenschaftliche Texte integriert. Eine selbstreferentielle Anleitung},
  year       = {2019},
  note       = {FreeWeb / TXT},
  annote     = {Alle Quelldateien zur mysrf-basierten Erzeugung der Tooluntersuchung Musikwissenschaft mit LaTeX.},
  language   = {english},
  shorttitle = {musicology.de, 2019},
  titleaddon = {Eine Sichtung von Tools und Techniken um musikwissenschaftliche Texte mit LaTeX zu erzeugen. Ein Blick in die Quellen zeigt, wie man das macht, was dieses Buch vorführt und erklärt.},
  url        = {http://kreincke.github.io/mycsrf/examples/latex-musicology.pdf},
  urldate    = {2019-11-22},
}
