% Encoding: UTF-8

@Inproceedings{Hays1985a,
  author     = {Patrick J. Hays},
  title      = {Some Problems and Non-Problems in Representation Theory},
  booktitle  = {/* only for supressing ecl warning - should be invisible */},
  year       = {1985},
  pages      = {3-22},
  note       = {Print},
  crossref   = {Brachman1985a},
  annote     = {Ein früher Versuch, das wesentliche herauszuschälen.},
  owner      = {karsten},
  shorttitle = {Some Problems and Non-Problems in Representation Theory, 1985},
  timestamp  = {2010.04.27},
}

@Inproceedings{Woods1991a,
  author     = {W. A. Woods},
  title      = {Understanding Subsumption. A Framework for Progress},
  booktitle  = {/* only for supressing ecl warning - should be invisible */},
  year       = {1991},
  pages      = {45 - 94},
  note       = {Print},
  crossref   = {Sowa1991a},
  annote     = {Was ist 'mitgemeint' und was nicht.},
  owner      = {karsten},
  shorttitle = {Understanding Subsumption, 1991},
  timestamp  = {2010.04.27},
}

@Book{AllHen2008a,
  author     = {Dean Allemang and James Hendler},
  title      = {Semantic Web for the Working Ontologist. [Effective] Modeling in RDF, RDFS and OWL},
  year       = {o.J. [2008]},
  shorttitle = {Semantic Web for the Working Ontologist, 2008},
  address    = {Amsterdam, [... u.a.O.]},
  isbn       = {978-0-12-373556-0},
  publisher  = {Elsevier / Morgan Kaufmann},
  annote     = {Und wieder die Idee, Weltausschnitte in Webpartikel hinein abzubilden.},
  language   = {english},
  note       = {Print},
  owner      = {karsten},
  timestamp  = {2010.04.27},
}

@Book{Allen2001a,
  author     = {David Allen},
  title      = {Getting Things Done. The Art of Stress-Free Productivity},
  year       = {2001},
  shorttitle = {Getting Things Done},
  address    = {New York [... u.a.O.]},
  isbn       = {978-0-14-200028-1},
  publisher  = {Penguin Books},
  annote     = {Das beste Buch in Sachen Zeitmanagement: es geht die Sache vom Prozess her an und akzeptiert, dass vorab unwägbare Dinge Pläne konterkarieren. Wer einen einfallsreichen spontanen Chef hat und trotzdem seine eigenen Sache - auch zu dessen Zufriedenheit - erledigen will, kommt um dieses Buch nicht herum.},
  language   = {english},
  note       = {Print},
  owner      = {karsten},
  timestamp  = {2010.05.13},
}

@Misc{BibtexOrgDe,
  author     = {anonymous},
  title      = {BibTeX},
  year       = {o.J.},
  note       = {FreeWeb/HTML},
  annote     = {Einstieg in die deutschsprachige BibTeX-Site.},
  language   = {german},
  owner      = {karsten},
  shorttitle = {BibTEX, o.J.},
  timestamp  = {2010.05.13},
  url        = {http://www.bibtex.org/de/},
  urldate    = {2011-08-05},
}

@Inproceedings{Bechtel2011a,
  author     = {William Bechtel},
  title      = {Representing Time of Day in Circadian Clocks},
  booktitle  = {Knowledge and Representation},
  year       = {2011},
  editor     = {Albert Newen and Andreas Bartels and Eva-Maria Jung},
  pages      = {129-162},
  address    = {Stanford (California) and Paderborn (Germany)},
  publisher  = {CSLI Publications and Mentis},
  note       = {Print},
  annote     = {A bad example for the (not) fulfilled MLA requirements: referring other works with Author, Year without naming the page doesn't really allow to review the original. You can't find it exzept by comparing sentence by sentence starting at the beginning ...},
  edition    = {1},
  isbn       = {978-1-57586-630-7 (CSLI) and 978-3-89785-749-0 (Mentis)},
  language   = {english},
  owner      = {reincke},
  shorttitle = {Representing Time of Day in Circadian Clocks, 2011},
  timestamp  = {2012.01.22},
}

@MISC{Berger2004a,
  author = {Jens Berger},
  title = {Das jurabib-Paket},
  year = {2004},
  shorttitle = {Jurabib, 2004},
  annote = {Die wichtigste Anleitung für Jurabib.},
  note = {FreeWeb/PDF},
  owner = {karsten},
  timestamp = {2010.05.13},
  url = {http://www.tex.ac.uk/tex-archive/macros/latex/contrib/jurabib/docs/german/jbgerdoc.pdf},
  urldate = {2011-08-05}
}

@Book{Covey2006a,
  title      = {Die 7 Wege zur Effektiv\"at. Prinzipien f\"ur pers\"onlichen und beruflichen Erfolg},
  publisher  = {GABAL / FranklinCovey},
  year       = {2006},
  author     = {Stephen R. Covey},
  shorttitle = {Die 7 Wege der Effektivit\"at, 2006},
  address    = {Offenbach},
  edition    = {4},
  isbn       = {978-3-89749573-9},
  note       = {Print},
  annote     = {Das beste bleibt 'Erst verstehen, dann verstanden werden'.},
  flanguage  = {English},
  owner      = {karsten},
  timestamp  = {2010.05.13},
  titleaddon = {erw. u. \"uberarb. Neusausg.; [\"ubers.] v. Angela Roethe u. Ingrid Pro\ss-Gill},
}

@MISC{Daly2007a,
  author = {Patrick W. Daly},
  title = {Customised BibTeX Styles. Custombib},
  year = {2007},
  shorttitle = {Custombib, 2007},
  annote = {Eine Liste von Alternativen.},
  note = {FreeWeb : HTML},
  owner = {karsten},
  timestamp = {2010.05.13},
  url = {http://www.ctan.org/tex-archive/macros/latex/contrib/custombib/},
  urldate = {2011-08-05}
}

@MISC{Daly2000a,
  author = {Patrick W. Daly},
  title = {Natural Sciences Citations and References. Natbib},
  year = {2000},
  shorttitle = {Natbib, 2000},
  annote = {Und eine weitere Alternative zu Jurabib.},
  note = {FreeWeb/HTML},
  owner = {karsten},
  timestamp = {2010.05.13},
  url = {http://www.ctan.org/tex-archive/macros/latex/contrib/natbib/},
  urldate = {2011-08-06}
}

@Book{HitKroRudSur2008a,
  title      = {Semantic Web. Grundlagen},
  publisher  = {Springer Verlag},
  year       = {2008},
  author     = {Sebastian Hitzler and Markus Krötzsch and Sebastian Rudolph and York Sure},
  shorttitle = {Semantic Web, 2008},
  series     = {eXamen.press},
  address    = {Berlin u. Heidelberg},
  edition    = {1},
  isbn       = {978-3-540-33993-9},
  note       = {Print},
  annote     = {Methoden zur Abbildung von Weltausschnitten in und als Webpartikel.},
  owner      = {karsten},
  timestamp  = {2010.04.26},
}

@Book{KantKdU1974,
  title          = {Kritik der Urteilskraft},
  publisher      = {Suhrkamp},
  year           = {1974},
  author         = {Immanuel Kant},
  shorttitle     = {KdU},
  number         = {57},
  series         = {suhrkamp taschenbuch wissenschaft},
  address        = {Frankfurt a.M.},
  isbn           = {3-518-27657-3},
  note           = {Print},
  annote         = {Schön ist das, was interesseloses Wohlgefallen auslöst, erhaben das, was dabei auch erschreckt.},
  booktitleaddon = {hrsg.v. Wilhelm Weischedel},
  owner          = {karsten},
  timestamp      = {2010.05.11},
  titleaddon     = {Immanuel Kant Werkausgabe Bd. IX; hrsg. v. Wilhelm Weischedel},
}

@Book{KantKdV1974,
  title          = {Kritik der reinen Vernunft},
  publisher      = {Suhrkamp},
  year           = {1974},
  author         = {Immanuel Kant},
  shorttitle     = {KdrV},
  number         = {55},
  series         = {suhrkamp taschenbuch wissenschaft},
  address        = {Frankfurt a.M.},
  isbn           = {3-518-27655-7},
  note           = {Print},
  annote         = {Der Mensch tut immer etwas zum Wahrgenommen hinzu. Das Ding an sich - das ohne das Hinzugetane - ist unerreichbar für ihn.},
  booktitleaddon = {hrsg.v. Wilhelm Weischedel},
  owner          = {karsten},
  timestamp      = {2010.05.11},
  titleaddon     = {Immanuel Kant Werkausgabe Bd. III + IV; hrsg. v. Wilhelm Weischedel},
}

@MISC{Kohm2008a,
  author = {Markus Kohm},
  title = {KOMA-Script},
  year = {2008},
  shorttitle = {KOMA-Script, 2008},
  annote = {Mit Latex deutsche Formate zu erstellen und dabei die alte Idee des
	goldenen Satzspiegels so weit als möglich zu erhalten, das ist die
	Domäne von Koma-Script.},
  note = {FreeWeb/HTML},
  owner = {karsten},
  timestamp = {2010.05.13},
  url = {http://www.komascript.de/},
  urldate = {2011-08-05}
}

@Book{Kopka2002a,
  title      = {LaTeX. Ergänzungen},
  publisher  = {Pearson Studium},
  year       = {2002},
  author     = {Helmut Kopka},
  shorttitle = {LaTeX Ergänzungen, 2002},
  volume     = {2},
  address    = {München [... u.a.O.]},
  isbn       = {3-8273-1557-3},
  note       = {Print},
  annote     = {Wichtig, auch wenn nicht ganz so oft benutzt, wie der erste Band.},
  owner      = {karsten},
  timestamp  = {2010.05.14},
  titleaddon = {3., überarb. Aufl.},
}

@Book{Kopka2000a,
  title      = {LaTeX. Einführung},
  publisher  = {Addison-Wesley},
  year       = {2000},
  author     = {Helmut Kopka},
  shorttitle = {LaTeX Einführung, 2000},
  volume     = {1},
  address    = {München [... u.a.O.]},
  isbn       = {3-8273-1557-3},
  note       = {Print},
  annote     = {Mein erstes Step by Step Buch - und zugleich mein dauerhaftes Nachschlagewerk für die Basics.},
  owner      = {karsten},
  timestamp  = {2010.05.14},
  titleaddon = {3. überarb. Aufl.},
}

@Article{McCarthy1980a,
  author     = {J. McCarthy},
  title      = {Circumscription: A form of nonmonotonic reasoning},
  journal    = {Artificial Intelligence},
  year       = {1980},
  shorttitle = {Circumscription, 1980},
  volume     = {13},
  number     = {2-3},
  pages      = {27 - 39},
  annote     = {Ein erster Artikel zum Thema 'Nicht monotones Schließen' - hier nur als Beispiel für einen Zeitschriftenartikel.},
  language   = {english},
  note       = {Print},
  owner      = {karsten},
  timestamp  = {2010.04.27},
}

@Book{MitGoo2005a,
  title      = {Der LaTeX-Begleiter},
  publisher  = {Pearson Studium},
  year       = {2005},
  author     = {Frank Mittelbach and Michel Goossens},
  shorttitle = {Der LaTex-Begleiter},
  address    = {München [... u.a.O]},
  isbn       = {3-8273-7166-X},
  note       = {Print},
  annote     = {Erläutert detailliert, was man sonst noch so an LaTeX 'ranschrauben kann.},
  owner      = {karsten},
  timestamp  = {2010.05.14},
  titleaddon = {mit Johannes Braams, David Carlisle u. Chris Rowley u. Beiträgen v. Christine Detig u. Joachim Schrod; 2. überarb. u. erw. Aufl.},
}

@Book{ModLanAss2009a,
  title      = {MLA Handbook for Writers of Research Papers},
  publisher  = {Modern Language Association of America},
  year       = {2009},
  author     = {{Modern Language Association}},
  shorttitle = {MLA Handbook for Writers of Research Papers, 2009},
  address    = {New York},
  edition    = {7},
  isbn       = {978-1-60329-024-1},
  note       = {Print},
  annote     = {Die anglo-amerikanische Alternative zum europäisch-deutschen geisteswissenschaftlich altphilologischen Schreibstil. Kann man nutzen, muss man aber nicht. Denn die gut und richtig formulierten Ansprüchen aus diesem Handbuch werden letztlich besser erfüllt durch den altphilologischen Schreibstil.},
  owner      = {reincke},
  timestamp  = {2011.08.06},
  titleaddon = {[auf dem Umschlage vermerkt:] The Authoritative Guide},
}

@Inproceedings{RotCum2011a,
  author         = {Martin Roth and Robert Cummins},
  title          = {Intellectualism as Cognitive Science},
  booktitle      = {Knowledge and Representation},
  year           = {2011},
  editor         = {Albert Newen and Andreas Bartels and Eva-Maria Jung},
  pages          = {23-39},
  address        = {Stanford (California) and Paderborn (Germany)},
  publisher      = {CSLI Publications and Mentis},
  note           = {Print},
  annote         = {As the booktitleaddon said: An Example for a Collecting Book (Proceedings) Noted as an Inline Part of the Bibtex Data Set of the Covered Article},
  booktitleaddon = {An Example for a Collecting Book (Proceedings) Noted as an Inline Part of the Bibtex Data Set of the Covered Article},
  edition        = {1},
  isbn           = {978-1-57586-630-7 (CSLI) and 978-3-89785-749-0 (Mentis)},
  language       = {english},
  owner          = {reincke},
  shorttitle     = {Intellectualism as Cognitive Science, 2011},
  timestamp      = {2012.01.22},
}

@Book{RusNor2004a,
  title      = {Künstliche Intelligenz. Ein moderner Ansatz},
  publisher  = {Prentice Hall / Pearson Studium},
  year       = {2004},
  author     = {Stuart Russel and Peter Norvig},
  shorttitle = {Künstliche Intelligenz, 2004},
  address    = {München, Boston, San Francisco [...]},
  edition    = {2},
  isbn       = {3-8273-7089-2},
  note       = {Print},
  annote     = {Eines der Standardwerke für den ersten Zugriff: Es rollt das Feld vom Konzept des 'Logischen Agenten' her auf und erläutert nicht die 'Wissensrepräsentation' als solche, sondern auch den Aspekt des Lernens als Wissensaneignung.},
  owner      = {k.reincke},
  timestamp  = {2011.06.18},
}

@Book{RueStaFra1980a,
  title      = {Die Techniken wissenschaftlichen Arbeitens. Praktische Anleitung zum Erlernen wissenschaftlicher Techniken am Beispiel der Pädagogik - unter besonderer Berücksichtigung gesellschaftlicher und psychischer Aspekte des Lernens},
  publisher  = {Ferdinand Schöningh},
  year       = {1980},
  author     = {Georg Rückriem and Joachim Stary and Norbert Franck},
  shorttitle = {Die Technik wissenschaftlichen Arbeitens, 1980},
  number     = {724},
  series     = {UTB},
  address    = {Paderborn, München, Wien u. Zürich},
  isbn       = {3-506-99230-9},
  annote     = {Meine erste Begegnung mit der Welt des geisteswissenschaftlichen Arbeitens. Heutzutage wirklich old-fashioned. Aber der Kern gilt noch immer.},
  owner      = {karsten},
  timestamp  = {2010.05.13},
  titleaddon = {2. erw. u. bearb. Auflage},
}

@Book{SegEvaTay2009a,
  title      = {Programming the Semantic Web},
  publisher  = {O'Reilly},
  year       = {2009},
  author     = {Toby Segaran and Colin Evans and Jamie Taylor},
  shorttitle = {Programming the Semantic Web, 2009},
  address    = {Beijing [... u.a.O.]},
  edition    = {1},
  isbn       = {978-0-596-15381-6},
  note       = {Print},
  annote     = {Eine besondere Idee der Ontologienrepräsentation.},
  owner      = {karsten},
  timestamp  = {2010.04.27},
}

@Inproceedings{WvdVw1983a,
  author         = {{Walter von der Vogelweide}},
  title          = {In einem zwîvellîchen wân},
  booktitle      = {Minnesang},
  year           = {1983},
  editor         = {Helmut Brackert},
  number         = {6485},
  series         = {Fischer Taschenbuch},
  pages          = {144-146},
  address        = {Frankfurt a.M.},
  publisher      = {Fischer Verlag},
  note           = {Print},
  annote         = {Zum Immer-Mal-Wieder-Hervorkramen},
  booktitleaddon = {Mittelhochdeutsche Texte und Übertragungen},
  isbn           = {3-596-26485-5},
  language       = {german},
  owner          = {reincke},
  shorttitle     = {In einem zwivellichen wan, 1983},
  timestamp      = {2012.02.04},
  titleaddon     = {geschrieben zwischen 1190 und 1220},
}

@MISC{Wikipedia2011a,
  author = {wikipedia},
  title = {Zitat},
  year = {2011},
  shorttitle = {Zitat, 2011},
  annote = {Wikipedia - die Idee Diderots mit den Mitteln der Gegenwart.},
  note = {FreeWeb/HTML},
  owner = {reincke},
  timestamp = {2011.08.07},
  url = {http://de.wikipedia.org/wiki/Zitat},
  urldate = {2011-08-07}
}

@MISC{WisArbOrgZitate,
  author = {Wissenschaftliches-Arbeiten.org},
  title = {Wörtliche und sinngemäße Zitate},
  year = {2008},
  shorttitle = {Wörtliche und sinngemäße Zitate, 2008},
  annote = {Einige sehr belastbare Selbsthilfe-Seiten: das Impressum verweist
	auf eine Gruppe 'fortgeschrittener Studenten' und markiert das Jahr
	2008.},
  note = {FreeWeb/HTML},
  owner = {reincke},
  timestamp = {2011.08.07},
  url = {http://www.wissenschaftliches-arbeiten.org/zitieren/direkte-und-indirekte-zitate.html},
  urldate = {2011-08-07}
}

@PROCEEDINGS{Brachman1985a,
  title = {Readings In Knowledge Representation},
  year = {1985},
  shorttitle = {Readings In Knowledge Representation, 1985},
  booktitle = {Readings In Knowledge Representation},
  editor = {Ronald J. Brachman and Hector J, Levesque},
  address = {San Mateo, California},
  publisher = {Morgan Kaufmann},
  isbn = {0-934613-01-X},
  annote = {Das frühe Standardwerk schlechthin, jedenfalls forschungshistorisch
	gesehen.},
  note = {Print},
  owner = {karsten},
  timestamp = {2010.04.27}
}

@PROCEEDINGS{Sowa1991a,
  title = {Principles Of Semantic Networks. Explorations in the Representation
	of Knowledge},
  year = {1991},
  shorttitle = {Principles Of Semantic Networks, 1991},
  booktitle = {Principles Of Semantic Networks. Explorations in the Representation
	of Knowledge},
  editor = {John F. Sowa},
  address = {San Mateo, California},
  publisher = {Morgan Kaufmann},
  isbn = {1-55860-088-4},
  annote = {Ein Sammlung von Artikeln.},
  note = {Print},
  owner = {karsten},
  timestamp = {2010.04.27}
}

@Book{Theisen2013a,
  author     = {Manuel René Theisen},
  title      = {Wissenschaftliches Arbeiten. Erfolgreich bei Bachelor- und Masterarbeit},
  year       = {2013},
  shorttitle = {Wissenschaftliches Arbeiten, 2013},
  address    = {München},
  isbn       = {978-3-8806-4636-4},
  publisher  = {Franz Vahlen},
  bookauthor = {16., [unter Mitarbeit v. Martin Theisen] vollständig überarbeitete Aufl.},
  language   = {german},
  note       = {Print},
  owner      = {reincke},
  timestamp  = {2016.02.24},
}

@Book{Duden2009a,
  author     = {Dudenredaktion},
  title      = {Duden. Die deutsche Rechtschreibung.},
  year       = {2009},
  shorttitle = {Duden. Rechtschreibung, 2009},
  address    = {Mannheim, Wien u. Zürch},
  isbn       = {978-3-411-04015-5},
  publisher  = {Dudenverlag},
  editor     = {Dudenredaktion},
  language   = {german},
  note       = {Print},
  owner      = {reincke},
  timestamp  = {2016.03.20},
  titleaddon = {25., völlig neu bearb. und erw. Aufl.; auf der Grundlage der aktuellen amtlichen Rechtschreibregeln},
}

@Comment{jabref-meta: databaseType:bibtex;}
