% Encoding: UTF-8

@Book{Kraemer2009a,
  author     = {Thomas Krämer},
  title      = {Harmonielehre im Selbststudium},
  year       = {2009},
  shorttitle = {Harmonielehre, 2009},
  edition    = {5},
  publisher  = {Breitkopf \& Härtel},
  isbn       = {978-3-7651-0261-5},
  language   = {german},
  note       = {Print},
  address    = {Wiesbaden, Leipzip u. Paris},
  owner      = {reincke},
  timestamp  = {2018.12.07},
}

@Book{Mantel2005a,
  author     = {Gerhard Mantel},
  title      = {Intonation},
  year       = {2005},
  shorttitle = {Intonation, 2005},
  titleaddon = {Spielräume für Streicher},
  publisher  = {Schott},
  isbn       = {3-7957-8729-7},
  language   = {german},
  series     = {Studienbuch Musik},
  note       = {Print},
  address    = {Mainz, London, [... u.a.O]},
  owner      = {reincke},
  timestamp  = {2018.12.07},
}

@Book{Michels1980,
  author     = {Ulrich Michels},
  title      = {dtv-Atlas zur Musik. Tafeln und Texte},
  year       = {1980},
  shorttitle = {dtv-Atlas zur Musik, 1980},
  titleaddon = {Systematischer Teil [u.] Historischer Teil: Von den Anfängen bis zur Renaissance},
  edition    = {5},
  publisher  = {DTV \& Bärenreiter Verlag},
  isbn       = {3-423-03022-4},
  language   = {german},
  note       = {Print},
  address    = {München, Kassel [... u.a.O.]},
  owner      = {reincke},
  timestamp  = {2018.12.07},
}

@Book{Kraemer2012a,
  author     = {Thomas Krämer},
  title      = {Lehrbuch der harmonischen Analyse.},
  year       = {2012},
  shorttitle = {Lehrbuch der harmonischen Analyse, 2012},
  titleaddon = {2., verbesserte Aufl.},
  publisher  = {Breitkopf \& Härtel},
  isbn       = {978-3-7651-0305-6},
  language   = {german},
  note       = {Print},
  address    = {Wiesbaden, Leipzip u. Paris},
  owner      = {reincke},
  timestamp  = {2018.12.07},
}

@Book{Grabner1974a,
  author     = {Hermann Grabner},
  title      = {Allgemeine Musiklehre},
  year       = {1974},
  shorttitle = {Allgemeine Musiklehre, 1974},
  titleaddon = {mit einem Nachtrag v. Diether de la Motte},
  edition    = {11},
  publisher  = {Bärenreiter Verlag},
  isbn       = {3-7618-0061-4},
  language   = {german},
  note       = {Print},
  address    = {Kassel, Basel [... u.a.O.]},
  owner      = {reincke},
  timestamp  = {2018.12.07},
}

@Book{Delamotte2011a,
  author     = {Diether de la Motte},
  title      = {Harmonielehre},
  year       = {2011},
  shorttitle = {Harmonielehre, 2011},
  edition    = {16},
  publisher  = {Bärenreiter Verlag \& DTV},
  isbn       = {978-3-7618-2115-2},
  language   = {german},
  note       = {Print},
  address    = {München, Kassel [... u.a.O.]},
  owner      = {reincke},
  timestamp  = {2018.12.07},
}

@Misc{VogSimRyc2018a,
  author     = {Oliver Vogel and Don Simmons and Andre van Ryckeghem and Cornelius Noack},
  title      = {MusiXTEX. Using TEX to write polyphonic or instrumental music},
  year       = {2018},
  shorttitle = {MusiXTEX, 2018},
  titleaddon = {Version 1.28. [Revised File]},
  url        = {http://texdoc.net/texmf-dist/doc/generic/musixtex/musixdoc.pdf},
  urldate    = {2018-12-08},
  language   = {english},
  note       = {FreeWeb / PDF},
  owner      = {reincke},
  timestamp  = {2018.12.08},
}

@Misc{WegWeg2007a,
  author     = {Dagny Wegner and Arnim Wegner},
  title      = {harmony.sty},
  year       = {2007},
  shorttitle = {harmony, 2007},
  url        = {ftp://ftp.mpi-sb.mpg.de/pub/tex/mirror/ftp.dante.de/pub/tex/macros/latex/contrib/harmony/harmony.pdf},
  urldate    = {2018-12-16},
  language   = {english},
  note       = {FreeWeb / PDF},
  annote     = {Das Paket wird unter https://ctan.org/pkg/harmony bereitgestellt.},
  owner      = {reincke},
}

@Comment{jabref-meta: databaseType:biblatex;}
