% mykeds next actions bibtex file
%
% (c) Karsten Reincke, Frankfurt a.M. 2010, 2011, ff.
%
% This BibTeX-File is licensed under the Creative Commons Attribution-ShareAlike
% 3.0 Germany License (http://creativecommons.org/licenses/by-sa/3.0/de/): Feel
% free 'to share (to copy, distribute and transmit)' or 'to remix (to adapt)'
% it, if you '... distribute the resulting work under the same or similar
% license to this one' and if you respect how 'you must attribute the work in
% the manner specified by the author ...':
%
% In an internet based reuse please link the reused parts to www.mykeds.net and
% mention the original author Karsten Reincke in a suitable manner. In a
% paper-like reuse please insert a short hint to www.mykeds.net and to the
% original author, Karsten Reincke, into your preface. For normal quotations
% please use the scientific standard to cite.
%
% Encoding: UTF8

@BOOK{Kraege2004,
  author = {Henning Kraege},
  title = {Wissensmodellierung am Beispiel der Telekom Network Projects \& Services
	GmbH},
  year = {2004},
  annote = {nextAction},
  editor = {Diplomarbeiten Agentur diplom.de},
  publisher = {still unknown},
  owner = {karsten},
  timestamp = {2010.06.02}
}

@BOOK{Moravitz2008,
  author = {Angelika Moravitz},
  title = {Open Source Werkzeuge der Wissensmodellierung: Grundlagen, Analysen
	von Open Source Systemen},
  year = {2008},
  annote = {nextAction},
  publisher = {VDM Verlag Dr. MÃ¼ller},
  owner = {karsten},
  timestamp = {2010.06.02}
}

