% This file was created with JabRef 2.6.
% Encoding: UTF8

@BOOK{Lessig2006a,
  author = {Lawrence Lessig},
  title = {Freie Kultur. Wesen und Zukunft der Kreativität},
  address = {München},
  year = {2006},
  shorttitle = {Freie Kultur, 2006},
  titleaddon = {aus dem Englischen übers.v. Annegrat Claushues u. Harmut Pilch},
  publisher = {Open Source Press},
  isbn = {3-937514-15-5},
  annote = {[to be read]},
  language = {german},
  note = {Print},
  owner = {reincke},
  timestamp = {2012.03.24}
}

