% This file was created with JabRef 2.6.
% Encoding: UTF8

@BOOK{Kraemer1988,
  author = {Sybille Krämer},
  title = {Symbolische Maschinen},
  address = {Darmstadt},
  year = {1988},
  shorttitle = {Symbolische Maschinen, 1988},
  titleaddon = {Die Idee der Formalisierung in geschichtlichem Abriß},
  annote = {somedayMaybe},
  publisher = {Wissenschaftliche Buchgesellschaft},
  isbn = {3-534-03207-1},
  owner = {reincke},
  timestamp = {2011.07.03}
}

@BOOK{Unseld1990,
  author = {Sigrid D. Unseld},
  title = {Künstliche Intelligenz und Simulation in der Unternehmung},
  address = {Stuttgart},
  year = {1990},
  shorttitle = {Künstliche Intelligenz und Simulation in der Unternehmung, 1990},
  titleaddon = {Wissensbasierte Systeme im Dienste des Managements},
  series = {(= Informatik und Unternehmensführung)},
  annote = {someDayMaybe},
  publisher = {Teubner},
  isbn = {3-519-02180-3},
  owner = {reincke},
  timestamp = {2011.07.03}
}

